@online{ntt,
  author = {NTT},
  title = {暗号化したままディープラーニングの標準的な学習処理ができる秘密計算技術},
  year = 2019,
  url = {https://www.ntt.co.jp/news2019/1909/190902a.html},
  urldate = {2019-9-17}
}

@phdthesis{cmp,
      author = {{Castellà Roca, Jordi and Domingo-Ferrer, Josep, dir. and Sebé
               Feixas, Francesc, dir.}},
       title = {Contributions to mental poker},
      school = {Universitat Autònoma de Barcelona},
        year = {2006},
     address = {Bellaterra},
        note = {Consultable des del TDX},
        note = {Títol obtingut de la portada digitalitzada},
         url = {https://ddd.uab.cat/record/38190},
}

@inproceedings{Kumaresan,
 author = {{Kumaresan, Ranjit and Moran, Tal and Bentov, Iddo}},
 title = {{How to Use Bitcoin to Play Decentralized Poker}},
 booktitle = {Proceedings of the 22Nd ACM SIGSAC Conference on Computer and Communications Security},
 series = {CCS '15},
 year = {2015},
 isbn = {978-1-4503-3832-5},
 location = {Denver, Colorado, USA},
 pages = {195--206},
 numpages = {12},
 url = {http://doi.acm.org/10.1145/2810103.2813712},
 doi = {10.1145/2810103.2813712},
 acmid = {2813712},
 publisher = {ACM},
 address = {New York, NY, USA},
 keywords = {bitcoin, markets, poker, secure computation, smart contracts},
}

@Inbook{Shamir1981,
  author = {{Shamir, Adi and Rivest, Ronald L. and Adleman, Leonard M.}},
  editor = {{Klarner, David A.}},
  title = {{Mental Poker}},
  bookTitle = {{The Mathematical Gardner}},
  year = {1981},
  publisher = {{Springer US}},
  address = {Boston, MA},
  pages = {37--43},
  isbn = {978-1-4684-6686-7},
  doi = {10.1007/978-1-4684-6686-7_5},
  url = {https://doi.org/10.1007/978-1-4684-6686-7_5}
}
